@misc{sider,
	title = {SIDER},
	howpublished = {\url{http://sideeffects.embl.de/}},
	note = {Accessed at December 2017}
}

@misc{owlready,
	title = {OwlReady2 Web Site},
	howpublished = {\url{http://pythonhosted.org/Owlready2/}},
	note = {Accessed at December 2017}
}

@misc{rdflib,
	title = {RDFLib Web Site},
	howpublished = {\url{https://github.com/RDFLib/rdflib}},
	note = {Accessed at December 2017}
}
